@inproceedings{Mountain2013Effects,
	address = {Montreal},
	author = {Mountain, David and Anderson, David and Voysey, Graham},
	booktitle = {Proceedings of Meetings on Acoustics},
	doi = {10.1121/1.4801015},
	journal = {Proceedings of Meetings on Acoustics},
	pages = {010051-010051},
	title = {The effects of sound in the marine environment (ESME) workbench: A simulation tool to predict the impact of anthropogenic sound on marine mammals.},
	url = {http://link.aip.org/link/PMARCW/v19/i1/p010051/s1&Agg=doi},
	volume = 19,
	year = 2013
}
