@article{Kujawa2009Adding,
	author = {Kujawa, Sharon G and Liberman, M Charles},
	booktitle = {Journal of Neuroscience},
	doi = {10.1523/JNEUROSCI.2845-09.2009},
	issn = {1529-2401},
	journal = {Journal of Neuroscience},
	keywords = {Acoustic Stimulation,Afferent,Afferent: cytology,Afferent: pathology,Afferent: physiology,Animals,Cell Death,Cochlear Nerve,Cochlear Nerve: cytology,Cochlear Nerve: pathology,Cochlear Nerve: physiopathology,Ear,Ganglia,Hearing Loss,Inbred CBA,Inner,Inner: cytology,Inner: pathology,Inner: physiopathology,Male,Mice,Nerve Degeneration,Nerve Degeneration: etiology,Nerve Degeneration: pathology,Nerve Degeneration: physiopathology,Neurons,Neurons: cytology,Neurons: pathology,Neurons: physiology,Noise,Noise-Induced,Noise-Induced: complications,Noise-Induced: physiopathology,Otoacoustic Emissions,Sensory,Sensory: cytology,Sensory: pathology,Sensory: physiopathology,Spontaneous,Synapses,Synapses: pathology,Synapses: physiology,Vestibulocochlear Nerve Diseases,Vestibulocochlear Nerve Diseases: etiology,Vestibulocochlear Nerve Diseases: physiopathology},
	month = 11,
	number = 45,
	pages = {14077-85},
	title = {Adding insult to injury: cochlear nerve degeneration after ``temporary'' noise-induced hearing loss.},
	url = {http://www.pubmedcentral.nih.gov/articlerender.fcgi?artid=2812055&tool=pmcentrez&rendertype=abstract},
	urldate = {2013-05-23},
	volume = 29,
	year = 2009
}

@article{Furman2013NoiseInduced,
	author = {Furman, Adam C and Kujawa, Sharon G and Liberman, M Charles},
	booktitle = {Journal of Neurophysiology},
	doi = {10.1152/jn.00164.2013},
	issn = {1522-1598},
	journal = {Journal of Neurophysiology},
	month = 8,
	number = 3,
	pages = {577-86},
	title = {Noise-induced cochlear neuropathy is selective for fibers with low spontaneous rates.},
	url = {http://www.ncbi.nlm.nih.gov/pubmed/23596328},
	urldate = {2013-08-08},
	volume = 110,
	year = 2013
}

@article{Bharadwaj2014Cochlear,
	author = {Bharadwaj, Hari M and Verhulst, Sarah and Shaheen, Luke and Liberman, M Charles and Shinn-Cunningham, Barbara G},
	booktitle = {Frontiers in Systems Neuroscience},
	doi = {10.3389/fnsys.2014.00026},
	issn = {1662-5137},
	journal = {Frontiers in Systems Neuroscience},
	month = 1,
	pages = 26,
	title = {Cochlear neuropathy and the coding of supra-threshold sound.},
	url = {https://www.pubchase.com/article/24600357,http://www.pubmedcentral.nih.gov/articlerender.fcgi?artid=3930880&tool=pmcentrez&rendertype=abstract},
	urldate = {2014-03-21},
	volume = 8,
	year = 2014
}

@article{Bharadwaj2015Individual,
	author = {Bharadwaj, H. M. and Masud, S. and Mehraei, G. and Verhulst, S. and Shinn-Cunningham, B. G.},
	booktitle = {Journal of Neuroscience},
	doi = {10.1523/JNEUROSCI.3915-14.2015},
	issn = {0270-6474},
	journal = {Journal of Neuroscience},
	keywords = {central auditory processing disorders,cochlear neuropathy,envelope-following response,frequency-following response,hidden hearing loss,temporal coding},
	month = 2,
	number = 5,
	pages = {2161-2172},
	title = {Individual Differences Reveal Correlates of Hidden Hearing Deficits},
	url = {http://www.jneurosci.org/cgi/doi/10.1523/JNEUROSCI.3915-14.2015},
	urldate = {2015-02-04},
	volume = 35,
	year = 2015
}

@article{Sergeyenko2013AgeRelated,
	author = {Sergeyenko, Yevgeniya and Lall, Kumud and Liberman, M. Charles and Kujawa, Sharon G.},
	booktitle = {Journal of Neuroscience},
	doi = {10.1523/JNEUROSCI.1783-13.2013},
	issn = {0270-6474},
	journal = {Journal of Neuroscience},
	keywords = {Acoustic Stimulation,Age Factors,Aging,Animals,Auditory,Auditory Threshold,Auditory Threshold: physiology,Auditory: pathology,Auditory: physiology,Brain Stem,Brain Stem: physiology,Cochlear Diseases,Cochlear Diseases: pathology,Cochlear Diseases: physiopathology,Evoked Potentials,Hair Cells,Inbred CBA,Male,Mice,Nerve Tissue Proteins,Nerve Tissue Proteins: metabolism,Neurons,Neurons: physiology,Otoacoustic Emissions,Psychoacoustics,Spiral Ganglion,Spiral Ganglion: cytology,Spontaneous,Spontaneous: physiology,Synapses,Synapses: pathology,Synapses: physiology},
	month = 8,
	number = 34,
	pages = {13686-13694},
	title = {Age-Related Cochlear Synaptopathy: An Early-Onset Contributor to Auditory Functional Decline},
	url = {http://www.jneurosci.org/cgi/doi/10.1523/JNEUROSCI.1783-13.2013,https://www.pubchase.com/article/23966690,http://www.pubmedcentral.nih.gov/articlerender.fcgi?artid=3755715&tool=pmcentrez&rendertype=abstract},
	urldate = {2013-08-21},
	volume = 33,
	year = 2013
}

@article{Fernandez2015Aging,
	author = {Fernandez, K. a. and Jeffers, P. W. C. and Lall, K. and Liberman, M. C. and Kujawa, S. G.},
	booktitle = {Journal of Neuroscience},
	doi = {10.1523/JNEUROSCI.5138-14.2015},
	issn = {0270-6474},
	journal = {Journal of Neuroscience},
	keywords = {age-related hearing loss,auditory nerve,cochlear neuropathy,cochlear synaptopathy,noise-induced hearing loss,temporary},
	number = 19,
	pages = {7509-7520},
	title = {Aging after Noise Exposure: Acceleration of Cochlear Synaptopathy in ``Recovered'' Ears},
	url = {http://www.jneurosci.org/cgi/doi/10.1523/JNEUROSCI.5138-14.2015},
	volume = 35,
	year = 2015
}

@article{Mehraei2015Individual,
	author = {Mehraei, Golbarg and Gallardo, Andreu P. and Epp, Bastian and Shinn-Cunningham, Barbara and Dau, Torsten},
	booktitle = {Journal of the Acoustical Society of America},
	doi = {10.1121/1.4920035},
	issn = {0001-4966},
	journal = {Journal of the Acoustical Society of America},
	month = 4,
	number = 4,
	pages = {2207-2207},
	title = {Individual differences in auditory brainstem response wave-V latency in forward masking: A measure of auditory neuropathy?},
	url = {http://scitation.aip.org/content/asa/journal/jasa/137/4/10.1121/1.4920035},
	volume = 137,
	year = 2015
}

@misc{Rudnicki2014Cochlea,
	address = {MÃ¼nchen, Germany},
	author = {Rudnicki, M. and Hemmert, W.},
	title = {Cochlea: inner ear models in Python},
	url = {https://github.com/mrkrd/cochlea},
	year = 2014
}

@article{Zilany2014Updated,
	author = {Zilany, Muhammad S. a. and Bruce, Ian C. and Carney, Laurel H.},
	booktitle = {The Journal of the Acoustical Society of America},
	doi = {10.1121/1.4837815},
	issn = {1520-8524},
	journal = {The Journal of the Acoustical Society of America},
	number = 1,
	pages = {283-286},
	title = {Updated parameters and expanded simulation options for a model of the auditory periphery},
	url = {http://www.ncbi.nlm.nih.gov/pubmed/24437768},
	volume = 135,
	year = 2014
}

@article{Meddis2006AuditoryNerve,
	author = {Meddis, Ray},
	booktitle = {Journal of the Acoustical Society of America},
	doi = {10.1121/1.2139628},
	issn = 00014966,
	journal = {Journal of the Acoustical Society of America},
	number = 1,
	pages = 406,
	title = {Auditory-nerve first-spike latency and auditory absolute threshold: A computer model},
	url = {http://link.aip.org/link/JASMAN/v119/i1/p406/s1&Agg=doi},
	urldate = {2013-10-03},
	volume = 119,
	year = 2006
}

@article{Carney2015Speech,
	author = {Carney, Laurel H and Li, Tianhao and McDonough, J. M.},
	booktitle = {eNeuro},
	doi = {10.1523/ENEURO.0004-15.2015},
	issn = {2373-2822},
	journal = {eNeuro},
	keywords = {and in background,auditory nerve,auditory system,computational model,current models,encoding of speech sounds,encountered in daily life,for neural coding of,function of the human,is the most important,midbrain,modulation tuning,range of sound levels,significance statement,speech coding,speech fail over the},
	month = 7,
	number = 4,
	pages = {1-12},
	title = {Speech Coding in the Brain: Representation of Vowel Formants by Midbrain Neurons Tuned to Sound Fluctuations},
	url = {http://eneuro.sfn.org/cgi/doi/10.1523/ENEURO.0004-15.2015},
	volume = 2,
	year = 2015
}

@incollection{Robles2008Efferent,
	address = {San Diego},
	author = {Robles, L and Delano, P H},
	booktitle = {The Senses: A Comprehensive Reference},
	chapter = 3,
	edition = 1,
	journal = {The Senses: A Comprehensive Reference},
	publisher = {Academic Press},
	title = {Efferent System},
	url = {http://www.sciencedirect.com/science/referenceworks/9780123708809#ancvol3},
	year = 2008
}

@article{Theunissen2000SpectralTemporal,
	author = {Theunissen, F E and Sen, Kamal and Doupe, Allison J},
	booktitle = {The Journal of neuroscience : the official journal of the Society for Neuroscience},
	issn = {1529-2401},
	journal = {The Journal of neuroscience : the official journal of the Society for Neuroscience},
	keywords = {Acoustic Stimulation,Action Potentials,Action Potentials: physiology,Animal,Animals,Auditory,Auditory Cortex,Auditory Cortex: cytology,Auditory Cortex: physiology,Auditory Perception,Auditory Perception: physiology,Auditory: physiology,Evoked Potentials,Linear Models,Male,Models,Neurological,Neurons,Neurons: physiology,Noise,Songbirds,Vocalization},
	month = 3,
	number = 6,
	pages = {2315-31},
	title = {Spectral-temporal receptive fields of nonlinear auditory neurons obtained using natural sounds.},
	url = {http://www.ncbi.nlm.nih.gov/pubmed/10704507},
	urldate = {2014-12-07},
	volume = 20,
	year = 2000
}

@article{Verhulst2015Functional,
	author = {Verhulst, Sarah and Bharadwaj, Hari M and Mehraei, Golbarg and Shera, Christopher A and Shinn-Cunningham, Barbara G.},
	booktitle = {The Journal of the Acoustical Society of America},
	doi = {10.1121/1.4928305},
	issn = {0001-4966},
	journal = {The Journal of the Acoustical Society of America},
	month = 9,
	number = 3,
	pages = {1637-1659},
	title = {Functional modeling of the human auditory brainstem response to broadband stimulations},
	url = {http://scitation.aip.org/content/asa/journal/jasa/138/3/10.1121/1.4928305},
	volume = 138,
	year = 2015
}

@article{Ryugo????Projections,
	author = {Ryugo, D K},
	doi = {10.1016/j.neuroscience.2007.10.052},
	keywords = {dendrite,hearing,olivocochlear feedback circuit,synapse},
	title = {PROJECTIONS OF LOW SPONTANEOUS RATE, HIGH THRESHOLD AUDITORY NERVE FIBERS TO THE SMALL CELL CAP OF THE COCHLEAR NUCLEUS IN CATS}
}

@article{Ryugo2008Projections,
	author = {Ryugo, D.K.},
	booktitle = {Neuroscience},
	doi = {10.1016/j.neuroscience.2007.10.052},
	issn = 03064522,
	journal = {Neuroscience},
	keywords = {dendrite,hearing,olivocochlear feedback circuit,synapse},
	month = 6,
	number = 1,
	pages = {114-126},
	title = {Projections of low spontaneous rate, high threshold auditory nerve fibers to the small cell cap of the cochlear nucleus in cats},
	url = {http://linkinghub.elsevier.com/retrieve/pii/S0306452207013450},
	volume = 154,
	year = 2008
}

@article{Nelson2004Phenomenological,
	author = {Nelson, Paul C. and Carney, Laurel H.},
	booktitle = {The Journal of the Acoustical Society of America},
	doi = {10.1121/1.1784442},
	issn = 00014966,
	journal = {The Journal of the Acoustical Society of America},
	keywords = {computer-aided drug design,cyclophilin,free energy perturbation,hiv,reverse transcriptase},
	number = 4,
	pages = 2173,
	title = {A phenomenological model of peripheral and central neural responses to amplitude-modulated tones},
	url = {http://scitation.aip.org/content/asa/journal/jasa/116/4/10.1121/1.1784442},
	volume = 116,
	year = 2004
}
